101  9100001912737206971301161505A094101WELLS FARGO            ALALALAD PAYMENTS              
5200ALALALAD        ACH Settlement      2342342347PPDpayouts         130116   1091000010000001
622112345678       2342342349000001234524234239       Test Credit 1           0091000010000001
622131541348       1312545400000000014512312312       Test Credit 2           0091000010000002
820000000200243887010000000000000000000124902342342347                         091000010000001
9000001000001000000020024388701000000000000000000012490                                       