101  9100001912737206971304162001A094101WELLS FARGO            BALANCED PAYMENTS              
5200BAL*INVOICE     ACH SETTLEMENT      2273720697PPDPAYOUTS         130416   1091000010000001
627123456789012345678901234560001623439ST5296805024   XXXXXXXXXXXXXXXXXXXXX   0091000010000001
627123456789012345678901234560000714194ST2158676036   XXXXXXXXXXXXXXXXXXXXX   0091000010000002
627123456789012345678901234560000151693ST2573941976   XXXXXXXXXXXXXXXXXXXXX   0091000010000003
627123456789012345678901234560000358477ST4393972245   XXXXXXXXXXXXXXXXXXXXX   0091000010000004
627123456789012345678901234560000383932ST7241184968   XXXXXXXXXXXXXXXXXXXXX   0091000010000005
627123456789012345678901234560000180299ST7341234760   XXXXXXXXXXXXXXXXXXXXX   0091000010000006
627123456789012345678901234560000000879ST5693334978   XXXXXXXXXXXXXXXXXXXXX   0091000010000007
627123456789012345678901234560000002500ST5988095360   XXXXXXXXXXXXXXXXXXXXX   0091000010000008
627123456789012345678901234560000030592ST7258772616   XXXXXXXXXXXXXXXXXXXXX   0091000010000009
627123456789012345678901234560000067774ST2766988416   XXXXXXXXXXXXXXXXXXXXX   0091000010000010
627123456789012345678901234560000000930ST7569963035   XXXXXXXXXXXXXXXXXXXXX   0091000010000011
627123456789012345678901234560000000050ST1294844212   XXXXXXXXXXXXXXXXXXXXX   0091000010000012
627123456789012345678901234560000000041ST8396406113   XXXXXXXXXXXXXXXXXXXXX   0091000010000013
627123456789012345678901234560000017490ST9815610070   XXXXXXXXXXXXXXXXXXXXX   0091000010000014
627123456789012345678901234560000014596ST0656333274   XXXXXXXXXXXXXXXXXXXXX   0091000010000015
627123456789012345678901234560000001860ST4155194752   XXXXXXXXXXXXXXXXXXXXX   0091000010000016
627123456789012345678901234560000000464ST5084305027   XXXXXXXXXXXXXXXXXXXXX   0091000010000017
627123456789012345678901234560000002924ST5800381595   XXXXXXXXXXXXXXXXXXXXX   0091000010000018
627123456789012345678901234560000000243ST4693538705   XXXXXXXXXXXXXXXXXXXXX   0091000010000019
627123456789012345678901234560000000025ST9474435583   XXXXXXXXXXXXXXXXXXXXX   0091000010000020
627123456789012345678901234560000000050ST2973203773   XXXXXXXXXXXXXXXXXXXXX   0091000010000021
627123456789012345678901234560000000515ST5669505603   XXXXXXXXXXXXXXXXXXXXX   0091000010000022
627123456789012345678901234560000000275ST5206085105   XXXXXXXXXXXXXXXXXXXXX   0091000010000023
627123456789012345678901234560000002002ST7064768619   XXXXXXXXXXXXXXXXXXXXX   0091000010000024
627123456789012345678901234560000025352ST1451207162   XXXXXXXXXXXXXXXXXXXXX   0091000010000025
627123456789012345678901234560000002248ST7837973455   XXXXXXXXXXXXXXXXXXXXX   0091000010000026
627123456789012345678901234560000000100ST1814564346   XXXXXXXXXXXXXXXXXXXXX   0091000010000027
627123456789012345678901234560000066361ST0684338136   XXXXXXXXXXXXXXXXXXXXX   0091000010000028
627123456789012345678901234560000000100ST6580710834   XXXXXXXXXXXXXXXXXXXXX   0091000010000029
627123456789012345678901234560000000583ST2870864731   XXXXXXXXXXXXXXXXXXXXX   0091000010000030
627123456789012345678901234560000012954ST0313313492   XXXXXXXXXXXXXXXXXXXXX   0091000010000031
627123456789012345678901234560000000044ST6512449887   XXXXXXXXXXXXXXXXXXXXX   0091000010000032
627123456789012345678901234560000000030ST7887766699   XXXXXXXXXXXXXXXXXXXXX   0091000010000033
627123456789012345678901234560000001661ST2120462940   XXXXXXXXXXXXXXXXXXXXX   0091000010000034
627123456789012345678901234560000006436ST6433497432   XXXXXXXXXXXXXXXXXXXXX   0091000010000035
627123456789012345678901234560000000025ST3867228847   XXXXXXXXXXXXXXXXXXXXX   0091000010000036
627123456789012345678901234560000006905ST0878174867   XXXXXXXXXXXXXXXXXXXXX   0091000010000037
627123456789012345678901234560000000461ST3856469288   XXXXXXXXXXXXXXXXXXXXX   0091000010000038
627123456789012345678901234560000002109ST3798719990   XXXXXXXXXXXXXXXXXXXXX   0091000010000039
627123456789012345678901234560000000205ST5258769249   XXXXXXXXXXXXXXXXXXXXX   0091000010000040
627123456789012345678901234560000000338ST9683963970   XXXXXXXXXXXXXXXXXXXXX   0091000010000041
627123456789012345678901234560000011724ST9878874660   XXXXXXXXXXXXXXXXXXXXX   0091000010000042
627123456789012345678901234560000000328ST9259792841   XXXXXXXXXXXXXXXXXXXXX   0091000010000043
627123456789012345678901234560000000873ST3180852901   XXXXXXXXXXXXXXXXXXXXX   0091000010000044
627123456789012345678901234560000021466ST1719711307   XXXXXXXXXXXXXXXXXXXXX   0091000010000045
627123456789012345678901234560000001108ST2158549196   XXXXXXXXXXXXXXXXXXXXX   0091000010000046
627123456789012345678901234560000001283ST0043623775   XXXXXXXXXXXXXXXXXXXXX   0091000010000047
627123456789012345678901234560000000205ST3231372076   XXXXXXXXXXXXXXXXXXXXX   0091000010000048
627123456789012345678901234560000000316ST9465673772   XXXXXXXXXXXXXXXXXXXXX   0091000010000049
627123456789012345678901234560000000032ST8237629706   XXXXXXXXXXXXXXXXXXXXX   0091000010000050
627123456789012345678901234560000009311ST5515411239   XXXXXXXXXXXXXXXXXXXXX   0091000010000051
627123456789012345678901234560000004162ST6427001777   XXXXXXXXXXXXXXXXXXXXX   0091000010000052
627123456789012345678901234560000000086ST7774570845   XXXXXXXXXXXXXXXXXXXXX   0091000010000053
627123456789012345678901234560000205285ST4821515990   XXXXXXXXXXXXXXXXXXXXX   0091000010000054
820000005405949670050000039373350000000000002273720697                         091000010000001
5200XXXXXXXXXXXXXXXXXXX SETTLEMENT      2273720697PPDPAYOUTS         130416   1091000010000002
627012345678012345678901234560000501500W3103709910    XXXXXXXXXXXXXXXXXXXXX   0091000010000001
820000000100124001540000005015000000000000002273720697                         091000010000002
5200XXXXXXXXXXX     ACH SETTLEMENT      2273720697PPDPAYOUTS         130416   1091000010000003
627012345678012345678901234560000018000W1192339345    XXXXXXXXXXXXXXXXXXXXX   0091000010000001
820000000100321081660000000180000000000000002273720697                         091000010000003
5200HTTP//XXXXXXXXXXXXX SETTLEMENT      2273720697PPDPAYOUTS         130416   1091000010000004
627012345678012345678901234560002000000W4606317201    XXXXXXXXXXXXXXXXXXXXX   0091000010000001
820000000100021407910000020000000000000000002273720697                         091000010000004
5200XXXXXXXXXX      ACH SETTLEMENT      2273720697PPDPAYOUTS         130416   1091000010000005
627012345678012345678901234560000000114W8192731694    XXXXXXXXXXXXXXXXXXXXX   0091000010000001
627012345678012345678901234560000669949W7174210599    XXXXXXXXXXXXXXXXXXXXX   0091000010000002
820000000200202228600000006700630000000000002273720697                         091000010000005
5200WWW.XXXXXXXXXX.XXXX SETTLEMENT      2273720697PPDPAYOUTS         130416   1091000010000006
627012345678012345678901234560000600000W5097211404    XXXXXXXXXXXXXXXXXXXXX   0091000010000001
820000000100211370540000006000000000000000002273720697                         091000010000006
9000006000007000000600682976030000007726898000000000000                                       