101  9100001912737206971301161505A094101WELLS FARGO            ALALALAD PAYMENTS              
5200ALALALAD        ACH SETTLEMENT      2273720697PPDPAYOUTS         130116   1091000010000001
622112345678       2342342349000001234524234239       TEST CREDIT 1           0091000010000001
622131541348       1312545400000000014512312312       TEST CREDIT 2           1091000010000002
7050*U*00307*000000183*0*P*:\GS*RA*9133131313*6126127272*20000888*0830*183*T*00201000010000002
820000000300243887010000000000000000000124901273720697                         091000010000001
9000001000001000000030024388701000000000000000000012490                                       